Automatically generated by Mendeley Desktop 1.19.4
Any changes to this file will be lost if it is regenerated by Mendeley.

BibTeX export options can be customized via Preferences -> BibTeX in Mendeley Desktop

@article{boker2001band,
  title={Band structure of MoS 2, MoSe 2, and $\alpha$- MoTe 2: Angle-resolved photoelectron spectroscopy and ab initio calculations},
  author={B{\"o}ker, Th and Severin, R and M{\"u}ller, A and Janowitz, C and Manzke, R and Vo{\ss}, D and Kr{\"u}ger, P and Mazur, A and Pollmann, J},
  journal={Physical Review B},
  volume={64},
  number={23},
  pages={235305},
  year={2001},
  publisher={APS}
}

@article{mak2010atomically,
  title={Atomically thin MoS 2: a new direct-gap semiconductor},
  author={Mak, Kin Fai and Lee, Changgu and Hone, James and Shan, Jie and Heinz, Tony F},
  journal={Physical review letters},
  volume={105},
  number={13},
  pages={136805},
  year={2010},
  publisher={APS}
}